<record><leader>00000cas a2200000Ma 4500</leader><controlfield tag="001">10892308</controlfield><controlfield tag="008">840627d18571868nhudn ne      0    0eng d</controlfield><datafield ind1=" " ind2=" " tag="010"><subfield code="a">sn 84023498 </subfield></datafield><datafield ind1=" " ind2=" " tag="040"><subfield code="a">AQM</subfield><subfield code="b">eng</subfield><subfield code="c">AQM</subfield><subfield code="d">OCLCG</subfield><subfield code="d">UBY</subfield><subfield code="d">OCLCQ</subfield><subfield code="d">UKMGB</subfield></datafield><datafield ind1="7" ind2=" " tag="016"><subfield code="a">013914430</subfield><subfield code="2">Uk</subfield></datafield><datafield ind1=" " ind2=" " tag="043"><subfield code="a">n-us-nh</subfield></datafield><datafield ind1="0" ind2=" " tag="130"><subfield code="a">Daily morning chronicle (Portsmouth, N.H. : 1857)</subfield></datafield><datafield ind1="1" ind2="0" tag="245"><subfield code="a">Daily morning chronicle.</subfield></datafield><datafield ind1=" " ind2=" " tag="260"><subfield code="a">Portsmouth, N.H. :</subfield><subfield code="b">Frank W. Miller</subfield></datafield><datafield ind1=" " ind2=" " tag="300"><subfield code="a">v.</subfield></datafield><datafield ind1=" " ind2=" " tag="310"><subfield code="a">Daily (except Sun.)</subfield></datafield><datafield ind1="1" ind2=" " tag="362"><subfield code="a">Began in 1857; ceased in 1868.</subfield></datafield><datafield ind1=" " ind2=" " tag="500"><subfield code="a">Editors: T. Miller, F. Miller, 1857-&lt;1859&gt;.</subfield></datafield><datafield ind1=" " ind2=" " tag="580"><subfield code="a">Weekly eds.: Rockingham weekly chronicle; Rockingham chronicle; New-Hampshire gazette (Portsmouth, N.H. : 1852).</subfield></datafield><datafield ind1=" " ind2=" " tag="588"><subfield code="a">Description based on: Vol. 11, no. 54 (Oct. 2, 1857).</subfield></datafield><datafield ind1=" " ind2="7" tag="655"><subfield code="a">Newspapers.</subfield><subfield code="2">rbgenr</subfield></datafield><datafield ind1=" " ind2="0" tag="651"><subfield code="a">Portsmouth (N.H.)</subfield><subfield code="v">Newspapers.</subfield></datafield><datafield ind1="1" ind2=" " tag="700"><subfield code="a">Miller, Frank W.,</subfield><subfield code="d">1829-1880.</subfield></datafield><datafield ind1="1" ind2=" " tag="700"><subfield code="a">Miller, Tobias Ham,</subfield><subfield code="d">1801-1870.</subfield></datafield><datafield ind1=" " ind2=" " tag="752"><subfield code="a">United States</subfield><subfield code="b">New Hampshire</subfield><subfield code="c">Rockingham</subfield><subfield code="d">Portsmouth.</subfield></datafield><datafield ind1="1" ind2=" " tag="775"><subfield code="t">Rockingham weekly chronicle</subfield></datafield><datafield ind1="1" ind2=" " tag="775"><subfield code="t">Rockingham chronicle</subfield><subfield code="w">(DLC)sn 84023501</subfield></datafield><datafield ind1="1" ind2=" " tag="775"><subfield code="t">New Hampshire gazette (Portsmouth, N.H. : 1852)</subfield><subfield code="w">(DLC)sn 84023142</subfield></datafield><datafield ind1="0" ind2="0" tag="780"><subfield code="t">Morning chronicle (Portsmouth, N.H.)</subfield><subfield code="w">(DLC)sn 84023497</subfield></datafield><datafield ind1="0" ind2="0" tag="785"><subfield code="t">Portsmouth daily chronicle</subfield><subfield code="w">(DLC)sn 84023499</subfield></datafield></record>